
@webpage{cit1,
	Author = {Rob Sobers},
	Date-Added = {2019-04-19 14:51:26 +0800},
	Date-Modified = {2019-04-19 15:00:26 +0800},
	Month = {04},
	Title = {60 Must-Know Cybersecurity Statistics for 2019.},
	Url = {https://www.varonis.com/blog/cybersecurity-statistics/},
	Year = {2019}}

@book{cit2,
	Author = {Graham Day},
	Date-Added = {2019-04-19 14:56:41 +0800},
	Date-Modified = {2019-04-19 14:57:48 +0800},
	Pages = {69-76},
	Publisher = {IT Governance Publishing},
	Title = {The How. Security in the Digital World},
	Year = {2017}}

@webpage{cit3,
	Author = {Symantec},
	Date-Added = {2019-04-19 14:57:58 +0800},
	Date-Modified = {2019-04-19 14:58:44 +0800},
	Title = {What is Ransomware and how to help prevent it?},
	Url = {https://us.norton.com/internetsecurity-malware-ransomware-5-dos-and-donts.html},
	Year = {2018}}

@webpage{cit4,
	Author = {Amy Bennett},
	Date-Added = {2019-04-19 14:58:54 +0800},
	Date-Modified = {2019-04-19 14:59:44 +0800},
	Month = {08},
	Title = {4 signs you are a victim of ransomware},
	Url = {https://www.computerworld.com/article/3105344/4-signs-youre-a-victim-of-ransomware.html},
	Year = {2016}}

@webpage{cit5,
	Author = {Geraldine Strawbridge},
	Date-Added = {2019-04-19 15:00:39 +0800},
	Date-Modified = {2019-04-19 15:01:22 +0800},
	Month = {02},
	Title = {The Dangers of Ransomware.},
	Url = {https://www.metacompliance.com/blog/dangers-of-ransomware/},
	Year = {2019}}

@article{cit6,
	Author = {Andrew O. Hall.},
	Date-Added = {2019-04-19 15:01:23 +0800},
	Date-Modified = {2019-04-19 15:02:32 +0800},
	Number = {2},
	Pages = {9-12},
	Title = {Investing in Cybersecurity Solutions. The Cyber Defense Review},
	Volume = {2},
	Year = {2017}}

@webpage{cit7,
	Author = {Alex Hern},
	Date-Added = {2019-04-19 15:02:48 +0800},
	Date-Modified = {2019-04-19 15:03:32 +0800},
	Month = {12},
	Title = {WannaCry, Petya, NotPetya: how ransomware hit the big time in 2017},
	Url = {https://www.theguardian.com/technology/2017/dec/30/wannacry-petya-notpetya-ransomware},
	Year = {2017}}

@webpage{cit8,
	Author = {Vitaly Plitchenko},
	Date-Added = {2019-04-19 15:03:47 +0800},
	Date-Modified = {2019-04-19 15:04:30 +0800},
	Month = {11},
	Title = {Ransomware - Mechanisms and Protection.},
	Url = {https://www.apriorit.com/dev-blog/465-ransomware-mechanisms-protection},
	Year = {2017}}

@webpage{cit9,
	Author = {Chris Brunau},
	Date-Added = {2019-04-19 15:04:32 +0800},
	Date-Modified = {2019-04-19 15:05:27 +0800},
	Month = {04},
	Title = {How is Ransomware Spread?},
	Url = {https://www.datto.com/blog/how-ransomware-is-spread},
	Year = {2018}}

@webpage{cit10,
	Author = {F-Secure},
	Date-Added = {2019-04-19 15:05:34 +0800},
	Date-Modified = {2019-04-19 15:27:00 +0800},
	Title = {Exploit Kits},
	Url = {https://www.f-secure.com/en/web/labs_global/exploit-kits},
	Year = {2019}}

@webpage{cit11,
	Date-Added = {2019-04-19 15:30:17 +0800},
	Date-Modified = {2019-04-19 15:31:13 +0800},
	Month = {04},
	Title = {Ransomware Attack},
	Url = {https://www.police.gov.hk/ppp\_en/04\_crime\_matters/tcd/types\_11.html},
	Year = {2019}}
@inproceedings{inproceedings,
author = {Herati, Darwish Ahmad and M Bojamma, A and P Indira Gandhi, M},
year = {2018},
month = {04},
pages = {},
title = {Countermeasures to Ransomware Threats}
}